<?xml version="1.0" encoding="UTF-8"?>
<collection xmlns:xsi="http://www.w3.org/2001/XMLSchema-instance" xsi:schemaLocation="http://www.loc.gov/MARC21/slim http://www.loc.gov/standards/marcxml/schema/MARC21slim.xsd" xmlns="http://www.loc.gov/MARC21/slim">
<record>
  <leader>01146mam a2200241 a 4500</leader>
  <controlfield tag="001">650518</controlfield>
  <controlfield tag="003">NNC</controlfield>
  <controlfield tag="005">20121017230127.0</controlfield>
  <controlfield tag="008">990104s1919    ua            000 0 ara d</controlfield>
  <datafield tag="035" ind1=" " ind2=" ">
    <subfield code="a">(OCoLC)506413336</subfield>
  </datafield>
  <datafield tag="035" ind1=" " ind2=" ">
    <subfield code="a">(OCoLC)ocn506413336</subfield>
  </datafield>
  <datafield tag="035" ind1=" " ind2=" ">
    <subfield code="9">ACV7739CU</subfield>
  </datafield>
  <datafield tag="035" ind1=" " ind2=" ">
    <subfield code="a">(NNC)650518</subfield>
  </datafield>
  <datafield tag="040" ind1=" " ind2=" ">
    <subfield code="a">NNC</subfield>
    <subfield code="c">NNC</subfield>
  </datafield>
  <datafield tag="050" ind1=" " ind2="4">
    <subfield code="a">PJ7862.H48</subfield>
    <subfield code="b">S2</subfield>
  </datafield>
  <datafield tag="100" ind1="1" ind2=" ">
    <subfield code="a">Shidyāq, Aḥmad Fāris,</subfield>
    <subfield code="d">1804?-1887.</subfield>
  </datafield>
  <datafield tag="240" ind1="1" ind2="0">
    <subfield code="a">Sāq ʻalá ʼal-sāq fī mā huwa ʼal-Fāriyāq</subfield>
  </datafield>
  <datafield tag="245" ind1="1" ind2="0">
    <subfield code="a">Kitāb ʾal-Sāq ʻalá ʾal-sāq fī mā huwa ʾal-Fāriyāq :</subfield>
    <subfield code="b">ʾaw ʾAyyām wa-shuhūr wa-ʾaʻwām fī ʻajm ʾal-ʻArab wa-ʾal-ʾAʻjām = La vie et les aventures de Fariac : relation de ses voyages avec ses observations critiques sur les Arabes et sur les autres peuples /</subfield>
    <subfield code="c">taʾlīf Fāris ibn Yūsuf ʾal-Shidyāq ; ʻuniya bi-nashrihi Yūsuf Tūmā ʾal-Bustānī.</subfield>
  </datafield>
  <datafield tag="260" ind1=" " ind2=" ">
    <subfield code="a">Miṣr :</subfield>
    <subfield code="b">Maktabat ʾal-ʻArab,</subfield>
    <subfield code="c">1919.</subfield>
  </datafield>
  <datafield tag="300" ind1=" " ind2=" ">
    <subfield code="a">v. ;</subfield>
    <subfield code="c">25 cm.</subfield>
  </datafield>
  <datafield tag="700" ind1="1" ind2=" ">
    <subfield code="a">Bustānī, Yūsuf Tūmā.</subfield>
  </datafield>
  <datafield tag="740" ind1="3" ind2=" ">
    <subfield code="a">La vie et les aventures de Fariac.</subfield>
  </datafield>
  <datafield tag="740" ind1="0" ind2=" ">
    <subfield code="a">ʾAyyām wa-shuhūr wa-ʾ-ʻwām fī ʻajm ʾal-ʻArab wa-ʾal-ʾAʻjām.</subfield>
  </datafield>
  <datafield tag="955" ind1=" " ind2=" ">
    <subfield code="b">0043655530</subfield>
    <subfield code="d">glx</subfield>
    <subfield code="e">PJ7862.H48 S2</subfield>
    <subfield code="v">v.1</subfield>
  </datafield>
</record>
</collection>